<record><leader>00000cas a2200000 i 4500</leader><controlfield tag="001">11330549</controlfield><controlfield tag="008">841031c19209999inuwr ne      0    0eng c</controlfield><datafield ind1=" " ind2=" " tag="010"><subfield code="a">sn 84045432 </subfield></datafield><datafield ind1=" " ind2=" " tag="040"><subfield code="a">NPI</subfield><subfield code="b">eng</subfield><subfield code="c">NPI</subfield><subfield code="d">IUL</subfield><subfield code="d">OCLCQ</subfield><subfield code="d">OCLCF</subfield><subfield code="d">IUL</subfield></datafield><datafield ind1=" " ind2=" " tag="042"><subfield code="a">pcc</subfield></datafield><datafield ind1=" " ind2=" " tag="043"><subfield code="a">n-us-in</subfield></datafield><datafield ind1="0" ind2="0" tag="245"><subfield code="a">Clark County journal.</subfield></datafield><datafield ind1=" " ind2=" " tag="260"><subfield code="a">Jeffersonville, Ind. :</subfield><subfield code="b">News &amp; Journal,</subfield><subfield code="c">1920-</subfield></datafield><datafield ind1=" " ind2=" " tag="300"><subfield code="a">v. :</subfield><subfield code="b">ill. ;</subfield><subfield code="c">60 cm.</subfield></datafield><datafield ind1=" " ind2=" " tag="310"><subfield code="a">Weekly</subfield></datafield><datafield ind1="0" ind2=" " tag="362"><subfield code="a">Vol. 64, no. 44 (Nov. 4, 1920)-</subfield></datafield><datafield ind1=" " ind2=" " tag="500"><subfield code="a">Republican. Cf. Miller, Indiana newspaper bibliography.</subfield></datafield><datafield ind1=" " ind2=" " tag="580"><subfield code="a">Published also in a daily edition called: 1920-1921, The Evening news (1897); 1922-1924, The Evening news and The Jeffersonville star; 1924-, The Evening news (1924).</subfield></datafield><datafield ind1=" " ind2=" " tag="588"><subfield code="a">Latest issue consulted: Vol. 66, no. 50 (Dec. 21, 1922); U.S. Newspaper Archive (viewed May 17, 2017).</subfield></datafield><datafield ind1=" " ind2="0" tag="651"><subfield code="a">Jeffersonville (Ind.)</subfield><subfield code="v">Newspapers.</subfield></datafield><datafield ind1=" " ind2="0" tag="651"><subfield code="a">Clark County (Ind.)</subfield><subfield code="v">Newspapers.</subfield></datafield><datafield ind1=" " ind2="7" tag="651"><subfield code="a">Indiana</subfield><subfield code="z">Clark County.</subfield><subfield code="2">fast</subfield><subfield code="0">(OCoLC)fst01205463</subfield></datafield><datafield ind1=" " ind2="7" tag="651"><subfield code="a">Indiana</subfield><subfield code="z">Jeffersonville.</subfield><subfield code="2">fast</subfield><subfield code="0">(OCoLC)fst01212579</subfield></datafield><datafield ind1=" " ind2="7" tag="655"><subfield code="a">Newspapers.</subfield><subfield code="2">fast</subfield><subfield code="0">(OCoLC)fst01423814</subfield></datafield><datafield ind1=" " ind2=" " tag="752"><subfield code="a">United States</subfield><subfield code="b">Indiana</subfield><subfield code="c">Clark</subfield><subfield code="d">Jeffersonville.</subfield></datafield><datafield ind1="1" ind2=" " tag="775"><subfield code="t">Evening news (Jeffersonville, Ind. : 1897)</subfield><subfield code="w">(DLC)sn 85048138</subfield><subfield code="w">(OCoLC)12744507</subfield></datafield><datafield ind1="1" ind2=" " tag="775"><subfield code="t">Evening news and The Jeffersonville star</subfield><subfield code="w">(DLC)sn 85048134</subfield><subfield code="w">(OCoLC)12744540</subfield></datafield><datafield ind1="1" ind2=" " tag="775"><subfield code="t">Evening news (Jeffersonville, Ind. : 1924)</subfield><subfield code="w">(DLC)sn 84045430</subfield><subfield code="w">(OCoLC)11330360</subfield></datafield><datafield ind1="0" ind2="0" tag="780"><subfield code="t">National Democrat and The citizen-record</subfield><subfield code="w">(DLC)sn 84045431</subfield><subfield code="w">(OCoLC)11330448</subfield></datafield><datafield ind1="4" ind2="1" tag="856"><subfield code="u">https://access.newspaperarchive.com/us/indiana/jeffersonville/jeffersonville-clark-county-journal/</subfield></datafield><datafield ind1="1" ind2=" " tag="029"><subfield code="a">AU@</subfield><subfield code="b">000025832096</subfield></datafield></record>